<record xmlns="http://www.loc.gov/MARC21/slim" xmlns:xsi="http://www.w3.org/2001/XMLSchema-instance" xsi:schemaLocation="http://www.loc.gov/MARC21/slim http://www.loc.gov/standards/marcxml/schema/MARC21slim.xsd"><leader>02249nam a2200373   4500</leader><controlfield tag="001">001689255</controlfield><controlfield tag="003">NNU</controlfield><controlfield tag="006">m        d        </controlfield><controlfield tag="007">cr cn |||m|||a</controlfield><controlfield tag="008">150116m19051911ua      o     000 0 ara d</controlfield><datafield ind1=" " ind2=" " tag="040"><subfield code="a">NNU</subfield><subfield code="b">eng</subfield><subfield code="c">NNU</subfield></datafield><datafield ind1=" " ind2="4" tag="050"><subfield code="a">BP130.4</subfield><subfield code="b">.T28</subfield></datafield><datafield ind1=" " ind2=" " tag="066"><subfield code="c">(3</subfield></datafield><datafield ind1=" " ind2=" " tag="090"><subfield code="a">BP130.4</subfield><subfield code="b">.T28</subfield></datafield><datafield ind1="0" ind2=" " tag="100"><subfield code="6">880-01</subfield><subfield code="a">&#7788;abar&#299;,</subfield><subfield code="d">838?-923</subfield></datafield><datafield ind1="0" ind2="0" tag="240"><subfield code="a">J&#257;mi&#699; al-bay&#257;n &#699;an ta&#700;w&#299;l &#257;y al-Qur&#700;&#257;n</subfield></datafield><datafield ind1="1" ind2="0" tag="245"><subfield code="6">880-02</subfield><subfield code="a">Min Kit&#257;b J&#257;mi&#699; al-bay&#257;n f&#299; tafs&#299;r al-Qur&#700;an&#772;</subfield><subfield code="h">[electronic resource] /</subfield><subfield code="c">ta&#700;l&#299;f Ab&#299; Ja&#699;far Mu&#7717;ammad ibn Jar&#299;r al-&#7788;abar&#299;. Wa-bi-h&#257;mishihi tafs&#299;r Ghar&#257;&#700;ib al-Qur&#700;&#257;n wa-ragh&#257;&#700;ib al-furq&#257;n / li-Ni&#7827;&#257;m al-D&#299;n al-&#7716;asan ibn Mu&#7717;ammad ibn &#7716;usayn al-Qumm&#299; al-N&#299;s&#257;b&#363;r&#299;.</subfield></datafield><datafield ind1="3" ind2="0" tag="246"><subfield code="a">Kit&#257;b J&#257;mi&#699; al-bay&#257;n f&#299; tafs&#299;r al-Qur&#700;an&#772;</subfield></datafield><datafield ind1="3" ind2=" " tag="246"><subfield code="a">Ghar&#257;&#700;ib al-Qur&#700;&#257;n wa-ragh&#257;&#700;ib al-furq&#257;n</subfield></datafield><datafield ind1=" " ind2=" " tag="260"><subfield code="6">880-03</subfield><subfield code="a">Mi&#7779;r :</subfield><subfield code="b">al-Ma&#7789;ba&#699;ah al-Kubr&#225; al-Am&#299;r&#299;yah,</subfield><subfield code="c">1323-1329 [1905-1911]</subfield></datafield><datafield ind1=" " ind2=" " tag="300"><subfield code="a">online resource (30 v. in 10)</subfield></datafield><datafield ind1=" " ind2=" " tag="500"><subfield code="a">Part of the Arabic Collections Online (ACO) project, contributed by New York Univeristy Libraries.</subfield></datafield><datafield ind1=" " ind2=" " tag="533"><subfield code="a">Electronic reproduction.</subfield><subfield code="b">New York, N.Y. :</subfield><subfield code="c">New York University,</subfield><subfield code="d">2015.</subfield><subfield code="5">NNU</subfield></datafield><datafield ind1="0" ind2="0" tag="630"><subfield code="a">Koran</subfield><subfield code="v">Commentaries</subfield><subfield code="v">Early works to 1800.</subfield></datafield><datafield ind1="1" ind2="2" tag="700"><subfield code="a">N&#299;s&#257;b&#363;r&#299;, Ni&#7827;&#257;m al-D&#299;n al-&#7716;asan ibn Mu&#7717;ammad,</subfield><subfield code="d">d. 1328 or 9.</subfield><subfield code="t">Ghar&#257;&#700;ib al-Qur&#700;an&#772; wa-ragh&#257;&#700;ib al-furq&#257;n.</subfield><subfield code="f">1903.</subfield></datafield><datafield ind1="2" ind2=" " tag="710"><subfield code="a">New York University.</subfield><subfield code="b">Libraries.</subfield></datafield><datafield ind1="0" ind2=" " tag="730"><subfield code="a">Arabic Collections Online.</subfield></datafield><datafield ind1="0" ind2="8" tag="776"><subfield code="i">Print version:</subfield><subfield code="a">&#7788;abar&#299;, 838?-923 880-01</subfield><subfield code="t">Min Kit&#257;b J&#257;mi&#699; al-bay&#257;n f&#299; tafs&#299;r al-Qur&#700;an&#772;</subfield><subfield code="w">(NNU)001689255</subfield></datafield><datafield ind1="4" ind2="0" tag="856"><subfield code="u">http://hdl.handle.net/2333.1/j3tx987v</subfield></datafield><datafield ind1="0" ind2=" " tag="880"><subfield code="6">100-01/</subfield><subfield code="a">&#1591;&#1576;&#1585;&#1609;.</subfield></datafield><datafield ind1="1" ind2="0" tag="880"><subfield code="6">245-02/</subfield><subfield code="a">&#1605;&#1606; &#1603;&#1578;&#1575;&#1576; &#1580;&#1575;&#1605;&#1593; &#1575;&#1604;&#1576;&#1610;&#1575;&#1606; &#1601;&#1609; &#1578;&#1601;&#1587;&#1610;&#1585; &#1575;&#1604;&#1602;&#1585;&#1570;&#1606; /</subfield><subfield code="c">&#1578;&#1571;&#1604;&#1610;&#1601; &#1571;&#1576;&#1609; &#1580;&#1593;&#1601;&#1585; &#1605;&#1581;&#1605;&#1583; &#1576;&#1606; &#1580;&#1585;&#1610;&#1585; &#1575;&#1604;&#1591;&#1576;&#1585;&#1609;. &#1608;&#1576;&#1607;&#1575;&#1605;&#1588;&#1607; &#1576;&#1601;&#1587;&#1610;&#1585; &#1594;&#1585;&#1575;&#1574;&#1576; &#1575;&#1604;&#1602;&#1585;&#1570;&#1606; &#1608;&#1585;&#1594;&#1575;&#1574;&#1576; &#1575;&#1604;&#1601;&#1585;&#1602;&#1575;&#1606; / &#1604;&#1606;&#1592;&#1575;&#1605; &#1575;&#1604;&#1583;&#1610;&#1606; &#1575;&#1604;&#1581;&#1587;&#1606; &#1576;&#1606; &#1605;&#1581;&#1605;&#1583; &#1576;&#1606; &#1581;&#1587;&#1610;&#1606; &#1575;&#1604;&#1602;&#1605;&#1609; &#1575;&#1604;&#1606;&#1610;&#1587;&#1575;&#1576;&#1608;&#1585;&#1610;.</subfield></datafield><datafield ind1=" " ind2=" " tag="880"><subfield code="6">260-03/</subfield><subfield code="a">&#1605;&#1589;&#1585; :</subfield><subfield code="b">&#1575;&#1604;&#1605;&#1591;&#1576;&#1593;&#1577; &#1575;&#1604;&#1603;&#1576;&#1585;&#1609; &#1575;&#1604;&#1571;&#1605;&#1610;&#1585;&#1610;&#1577;&#1548;</subfield><subfield code="c">&#1633;&#1635;&#1634;&#1635;-&#1633;&#1635;&#1634;&#1641;.</subfield></datafield><datafield ind1=" " ind2=" " tag="959"><subfield code="a">NNU</subfield><subfield code="b">WEB</subfield><subfield code="c">GENI</subfield><subfield code="t">0</subfield><subfield code="m">Electronic access</subfield><subfield code="s">01</subfield></datafield><datafield ind1=" " ind2=" " tag="999"><subfield code="i">NNU_001689255</subfield><subfield code="o" /><subfield code="e">(ERROR-880)</subfield></datafield></record>